@article{gorodnichy2004nouse,
  title={Nouse 'use your nose as a mouse' perceptual vision technology for hands-free games and interfaces},
  author={Gorodnichy, Dmitry O and Roth, Gerhard},
  journal={Image and Vision Computing},
  volume={22},
  number={12},
  pages={931--942},
  year={2004},
  publisher={Elsevier}
}

@article{tu2007face,
  title={Face as mouse through visual face tracking},
  author={Tu, Jilin and Tao, Hai and Huang, Thomas},
  journal={Computer Vision and Image Understanding},
  volume={108},
  number={1},
  pages={35--40},
  year={2007},
  publisher={Elsevier}
}

@inproceedings{parmar2012facial,
  title={Facial-feature based Human-Computer Interface for disabled people},
  author={Parmar, Kaushik and Mehta, Bhavin and Sawant, Rupali},
  booktitle={Communication, Information \& Computing Technology (ICCICT), 2012 International Conference on},
  pages={1--5},
  year={2012},
  organization={IEEE}
}

@article{morris2006facial,
  title={Facial feature tracking for cursor control},
  author={Morris, Tim and Chauhan, V},
  journal={Journal of Network and Computer Applications},
  volume={29},
  number={1},
  pages={62--80},
  year={2006},
  publisher={Elsevier}
}

@article{varona2008hands,
  title={Hands-free vision-based interface for computer accessibility},
  author={Varona, Javier and Manresa-Yee, Cristina and Perales, Francisco J},
  journal={Journal of Network and Computer Applications},
  volume={31},
  number={4},
  pages={357--374},
  year={2008},
  publisher={Elsevier}
}

@article{betke2002camera,
  title={The camera mouse: visual tracking of body features to provide computer access for people with severe disabilities},
  author={Betke, Margrit and Gips, James and Fleming, Peter},
  journal={IEEE Transactions on neural systems and Rehabilitation Engineering},
  volume={10},
  number={1},
  pages={1--10},
  year={2002},
  publisher={IEEE}
}

@inproceedings{gips2000camera,
  title={The Camera Mouse: Preliminary investigation of automated visual tracking for computer access},
  author={Gips, James and Betke, Margrit and Fleming, Peter},
  booktitle={In Proc. Conf. on Rehabilitation Engineering and Assistive Technology Society of North America},
  pages={98--100},
  year={2000}
}

@article{arai2010camera,
  title={Camera as mouse and keyboard for handicap person with troubleshooting ability, recovery, and complete mouse events},
  author={Arai, Kohei and Mardiyanto, Ronny},
  journal={International Journal of Human Computer Interaction (IJHCI)},
  volume={1},
  number={3},
  pages={46},
  year={2010}
}

@inproceedings{magee2004eyekeys,
  title={Eyekeys: A real-time vision interface based on gaze detection from a low-grade video camera},
  author={Magee, John J and Scott, Matthew R and Waber, Benjamin N and Betke, Margrit},
  booktitle={Computer Vision and Pattern Recognition Workshop, 2004. CVPRW'04. Conference on},
  pages={159--159},
  year={2004},
  organization={IEEE}
}

@inproceedings{cloud2002experiments,
  title={Experiments with a camera-based human-computer interface system},
  author={Cloud, RL and Betke, Margrit and Gips, James},
  booktitle={Proceedings of the 7th ERCIM Workshop" User Interfaces for All," UI4ALL},
  pages={103--110},
  year={2002}
}

@inproceedings{jota2015palpebrae,
  title={Palpebrae superioris: exploring the design space of eyelid gestures},
  author={Jota, Ricardo and Wigdor, Daniel},
  booktitle={Proceedings of the 41st Graphics Interface Conference},
  pages={273--280},
  year={2015},
  organization={Canadian Information Processing Society}
}

@inproceedings{ware1987evaluation,
  title={An evaluation of an eye tracker as a device for computer input2},
  author={Ware, Colin and Mikaelian, Harutune H},
  booktitle={ACM SIGCHI Bulletin},
  volume={17},
  number={SI},
  pages={183--188},
  year={1987},
  organization={ACM}
}

@inproceedings{takami1995computer,
  title={Computer interface to use head and eyeball movement for handicapped people},
  author={Takami, Osamu and Morimoto, Kazuaki and Ochiai, Tsumoru and Ishimatsu, Takakazu},
  booktitle={Systems, Man and Cybernetics, 1995. Intelligent Systems for the 21st Century., IEEE International Conference on},
  volume={2},
  pages={1119--1123},
  year={1995},
  organization={IEEE}
}

@inproceedings{hornof2005eyedraw,
  title={EyeDraw: enabling children with severe motor impairments to draw with their eyes},
  author={Hornof, Anthony J and Cavender, Anna},
  booktitle={Proceedings of the SIGCHI conference on Human factors in computing systems},
  pages={161--170},
  year={2005},
  organization={ACM}
}

@article{nishikawa2003face,
  title={FAce MOUSe: A novel human-machine interface for controlling the position of a laparoscope},
  author={Nishikawa, Atsushi and Hosoi, Toshinori and Koara, Kengo and Negoro, Daiji and Hikita, Ayae and Asano, Shuichi and Kakutani, Haruhiko and Miyazaki, Fumio and Sekimoto, Mitsugu and Yasui, Masayoshi and others},
  journal={IEEE Transactions on Robotics and Automation},
  volume={19},
  number={5},
  pages={825--841},
  year={2003},
  publisher={IEEE}
}

@article{keirn1990man,
  title={Man-machine communications through brain-wave processing},
  author={Keirn, Zachary A and Aunon, Jorge I},
  journal={IEEE Engineering in Medicine and biology magazine},
  volume={9},
  number={1},
  pages={55--57},
  year={1990},
  publisher={IEEE}
}

@inproceedings{matsumoto2000algorithm,
  title={An algorithm for real-time stereo vision implementation of head pose and gaze direction measurement},
  author={Matsumoto, Yoshio and Zelinsky, Alexander},
  booktitle={Automatic Face and Gesture Recognition, 2000. Proceedings. Fourth IEEE International Conference on},
  pages={499--504},
  year={2000},
  organization={IEEE}
}

@article{pantic2000automatic,
  title={Automatic analysis of facial expressions: The state of the art},
  author={Pantic, Maja and Rothkrantz, Leon J. M.},
  journal={IEEE Transactions on pattern analysis and machine intelligence},
  volume={22},
  number={12},
  pages={1424--1445},
  year={2000},
  publisher={IEEE}
}

@inproceedings{manabe2006full,
  title={Full-time wearable headphone-type gaze detector},
  author={Manabe, Hiroyuki and Fukumoto, Masaaki},
  booktitle={CHI'06 Extended Abstracts on Human Factors in Computing Systems},
  pages={1073--1078},
  year={2006},
  organization={ACM}
}

@inproceedings{kaufman1993eye,
  title={An eye tracking computer user interface},
  author={Kaufman, Arie E and Bandopadhay, Amit and Shaviv, Bernard D},
  booktitle={Virtual Reality, 1993. Proceedings., IEEE 1993 Symposium on Research Frontiers in},
  pages={120--121},
  year={1993},
  organization={IEEE}
}

@article{saragih2011deformable,
  title={Deformable model fitting by regularized landmark mean-shift},
  author={Saragih, Jason M and Lucey, Simon and Cohn, Jeffrey F},
  journal={International Journal of Computer Vision},
  volume={91},
  number={2},
  pages={200--215},
  year={2011},
  publisher={Springer}
}

@inproceedings{takami1996computer,
  title={Computer interface to use head movement for handicapped people},
  author={Takami, Osamu and Irie, Naoki and Kang, Chulung and Ishimatsu, Takakazu and Ochiai, Tsumoru},
  booktitle={TENCON'96. Proceedings., 1996 IEEE TENCON. Digital Signal Processing Applications},
  volume={1},
  pages={468--472},
  year={1996},
  organization={IEEE}
}

@article{chen1999new,
  title={The new design of an infrared-controlled human-computer interface for the disabled},
  author={Chen, Yu-Luen and Tang, Fuk-Tan and Chang, Walter H and Wong, May-Keun and Shih, Ying-Ying and Kuo, Te-Son},
  journal={IEEE Transactions on Rehabilitation Engineering},
  volume={7},
  number={4},
  pages={474--481},
  year={1999},
  publisher={IEEE}
}

@inproceedings{eaton2013real,
  title={Real-time notation using brainwave control},
  author={Eaton, Joel and Miranda, Eduardo},
  booktitle={Sound and Music Computing Conference},
  year={2013}
}
